<record><leader>00000cas a22000007a 4500</leader><controlfield tag="001">17655911</controlfield><controlfield tag="008">880321d19051909ohuwr ne      0    0eng d</controlfield><datafield ind1=" " ind2=" " tag="010"><subfield code="a">sn 88077295 </subfield></datafield><datafield ind1=" " ind2=" " tag="040"><subfield code="a">ONP</subfield><subfield code="b">eng</subfield><subfield code="c">ONP</subfield><subfield code="d">OCLCQ</subfield></datafield><datafield ind1=" " ind2=" " tag="042"><subfield code="a">msc</subfield></datafield><datafield ind1="0" ind2="0" tag="245"><subfield code="a">Sidney journal-gazette.</subfield></datafield><datafield ind1=" " ind2=" " tag="260"><subfield code="a">Sidney, Ohio :</subfield><subfield code="b">Sidney Journal-Gazette Co.,</subfield><subfield code="c">1905-1909.</subfield></datafield><datafield ind1=" " ind2=" " tag="310"><subfield code="a">Weekly</subfield></datafield><datafield ind1="0" ind2=" " tag="362"><subfield code="a">Vol. 73, no. 12 (Mar. 24, 1905)-v. 77, no. 33 (Aug. 13, 1909).</subfield></datafield><datafield ind1=" " ind2=" " tag="752"><subfield code="a">United States</subfield><subfield code="b">Ohio</subfield><subfield code="c">Shelby</subfield><subfield code="d">Sidney.</subfield></datafield><datafield ind1="0" ind2="4" tag="780"><subfield code="t">Sidney journal (Sidney, Ohio : 1865)</subfield><subfield code="w">(DLC)sn 85026255</subfield></datafield><datafield ind1="0" ind2="4" tag="780"><subfield code="t">Sidney gazette</subfield><subfield code="w">(DLC)sn 85038227</subfield></datafield></record>